@book{smith2020,
  author    = {John Smith},
  title     = {Advances in Agricultural Technology},
  publisher = {Green Press},
  year      = {2020},
  address   = {New York},
}

@article{gomez2019,
  author    = {Laura Gómez and Carlos Rodríguez},
  title     = {Precision Agriculture: IoT and Big Data Integration},
  journal   = {Agricultural Journal},
  volume    = {35},
  number    = {2},
  pages     = {120--130},
  year      = {2019},
}

@article{gonzalez2019,
  author    = {María González and Jorge Hernández},
  title     = {Artificial Lighting for Enhanced Plant Growth},
  journal   = {Plant Science Journal},
  volume    = {40},
  number    = {3},
  pages     = {200--210},
  year      = {2019},
}

@article{zhang2021,
  author    = {Wei Zhang and Hong Liu},
  title     = {LED Lighting in Modern Agriculture: Applications and Benefits},
  journal   = {Journal of Agricultural Engineering},
  volume    = {45},
  number    = {4},
  pages     = {300--310},
  year      = {2021},
}

@article{cervantes2023,
  author    = {Carlos Cervantes and Ana Gómez},
  title     = {Project LIA: Artificial Light for Plant Growth at Tecnológico de Pabellón de Arteaga},
  journal   = {Mexican Journal of Agricultural Technology},
  volume    = {47},
  number    = {1},
  pages     = {50--60},
  year      = {2023},
}

@article{martinez2022,
  author    = {Luis Martínez and Sara Pérez},
  title     = {Using Raspberry Pi for Environmental Monitoring in Agriculture},
  journal   = {IoT Solutions for Agriculture},
  volume    = {39},
  number    = {5},
  pages     = {400--410},
  year      = {2022},
}

@article{lopez2020,
  author    = {Eduardo López and Miguel Torres},
  title     = {IoT Frameworks for Data Monitoring in Agriculture},
  journal   = {International Journal of IoT Systems},
  volume    = {12},
  number    = {2},
  pages     = {150--160},
  year      = {2020},
}

@book{fernandez2021,
  author    = {Javier Fernández},
  title     = {Scalable IoT Solutions for Agriculture and Industry},
  publisher = {TechPress},
  year      = {2021},
  address   = {London},
}
